@article{cao2020lossless,
  title={Lossless Image Compression through Super-Resolution},
  author={Cao, Sheng and Wu, Chao-Yuan and Kr{\"a}henb{\"u}hl, Philipp},
  journal={arXiv preprint arXiv:2004.02872},
  year={2020}
}

@InProceedings{Yang_2020_CVPR,
author = {Yang, Ren and Mentzer, Fabian and Gool, Luc Van and Timofte, Radu},
title = {Learning for Video Compression With Hierarchical Quality and Recurrent Enhancement},
booktitle = {Proceedings of the IEEE/CVF Conference on Computer Vision and Pattern Recognition (CVPR)},
year = {2020}
}

@unpublished{yang2020learning,
  title={Learning for Video Compression with Recurrent Auto-Encoder and Recurrent Probability Model},
  author={Yang, Ren and Mentzer, Fabian and Van Gool, Luc and Timofte, Radu},
  note={Under Review},
  year={2020}
}

@inproceedings{mentzer2020learning,
  title={Learning Better Lossless Compression Using Lossy Compression},
  author={Mentzer, Fabian and Gool, Luc Van and Tschannen, Michael},
  booktitle={Proceedings of the IEEE/CVF Conference on Computer Vision and Pattern Recognition (CVPR)},
  year={2020}
}

@inproceedings{mentzer2020high,
  title={High-Fidelity Generative Image Compression},
  author={Mentzer, Fabian and Toderici, George and Tschannen, Michael and Agustsson, Eirikur},
  booktitle={Advances in Neural Information Processing Systems (NeurIPS)},
  year={2020},
}

@inproceedings{cordts2016cityscapes,
  title={The cityscapes dataset for semantic urban scene understanding},
  author={Cordts, Marius and Omran, Mohamed and Ramos, Sebastian and Rehfeld, Timo and Enzweiler, Markus and Benenson, Rodrigo and Franke, Uwe and Roth, Stefan and Schiele, Bernt},
  booktitle={Proceedings of the IEEE conference on computer vision and pattern recognition},
  year={2016}
}

@Article{	  2016pspnet,
  adsnote	= {Provided by the SAO/NASA Astrophysics Data System},
  adsurl	= {http://adsabs.harvard.edu/abs/2016arXiv161201105Z},
  archiveprefix	= {arXiv},
  author	= {{Zhao}, H. and {Shi}, J. and {Qi}, X. and {Wang}, X. and
		  {Jia}, J.},
  eprint	= {1612.01105},
  journal	= {ArXiv e-prints},
  keywords	= {Computer Science - Computer Vision and Pattern
		  Recognition},
  primaryclass	= {cs.CV},
  title		= {{Pyramid Scene Parsing Network}},
  year		= 2016
}

@InProceedings{	  agustsson2017soft,
  author	= {Agustsson, Eirikur and Mentzer, Fabian and Tschannen,
		  Michael and Cavigelli, Lukas and Timofte, Radu and Benini,
		  Luca and Gool, Luc Van},
  booktitle={Advances in Neural Information Processing Systems (NIPS)},
  title		= {{Soft-to-Hard Vector Quantization for End-to-End Learning
		  Compressible Representations}},
  year		= {2017}
}

@InProceedings{	  agustsson2019extreme,
  author	= {Agustsson, Eirikur and Tschannen, Michael and Mentzer,
		  Fabian and Timofte, Radu and Gool, Luc Van},
  title		= {Generative Adversarial Networks for Extreme Learned Image
		  Compression},
  booktitle	= {The IEEE International Conference on Computer Vision
		  (ICCV)},
  year		= {2019}
}

@InProceedings{	  agustssondiv2k,
  title		= {{NTIRE 2017 Challenge on Single Image Super-Resolution:
		  Dataset and Study}},
  author	= {Agustsson, Eirikur and Timofte, Radu},
  booktitle	= {CVPR Workshops},
  year		= {2017}
}

@Book{		  allgower2012numerical,
  author	= {Allgower, Eugene L and Georg, Kurt},
  publisher	= {Springer Science \& Business Media},
  title		= {Numerical continuation methods: an introduction},
  volume	= {13},
  year		= {2012}
}

@Article{	  arjovsky2017towards,
  title		= {Towards principled methods for training generative
		  adversarial networks},
  author	= {Arjovsky, Martin and Bottou, L{\'e}on},
  journal	= {arXiv preprint arXiv:1701.04862},
  year		= {2017}
}

@Article{	  arjovsky2017wasserstein,
  title		= {Wasserstein {G}{A}{N}},
  author	= {Arjovsky, Martin and Chintala, Soumith and Bottou,
		  L{\'e}on},
  journal	= {arXiv preprint arXiv:1701.07875},
  year		= {2017}
}

@Article{	  ba2016layer,
  title		= {Layer normalization},
  author	= {Ba, Jimmy Lei and Kiros, Jamie Ryan and Hinton, Geoffrey
		  E},
  journal	= {arXiv preprint arXiv:1607.06450},
  year		= {2016}
}

@Article{	  balle2015density,
  title		= {Density modeling of images using a generalized
		  normalization transformation},
  author	= {Ball{\'e}, Johannes and Laparra, Valero and Simoncelli,
		  Eero P},
  journal	= {arXiv preprint arXiv:1511.06281},
  year		= {2015}
}

@inproceedings{balle2016code,
  title={End-to-end optimization of nonlinear transform codes for perceptual quality},
  author={Ball{\'e}, Johannes and Laparra, Valero and Simoncelli, Eero P},
  booktitle={2016 Picture Coding Symposium (PCS)},
  pages={1--5},
  year={2016},
  organization={IEEE}
}

@Article{	  balle2016end,
  title		= {{End-to-end Optimized Image Compression}},
  author	= {Ball{\'e}, Johannes and Laparra, Valero and Simoncelli,
		  Eero P},
  journal	= {International Conference on Learning Representations (ICLR)},
  year		= {2016}
}

@Article{	  balle2018variational,
  title		= {{Variational Image Compression with a Scale Hyperprior}},
  author	= {Johannes Ball{\'e} and David Minnen and Saurabh Singh and
		  Sung Jin Hwang and Nick Johnston},
  journal	= {International Conference on Learning Representations (ICLR)},
  year		= {2018}
}

@article{balle2020nonlinear,
  title={Nonlinear Transform Coding},
  author={Ball{\'e}, Johannes and Chou, Philip A and Minnen, David and Singh, Saurabh and Johnston, Nick and Agustsson, Eirikur and Hwang, Sung Jin and Toderici, George},
  journal={arXiv preprint arXiv:2007.03034},
  year={2020}
}

@InProceedings{	  binkowski2018demystifying,
  title		= {Demystifying MMD GANs},
  author	= {Bi{\'n}kowski, Miko{\l}aj and Sutherland, Dougal J and
		  Arbel, Michael and Gretton, Arthur},
  booktitle	= {International Conference on Learning Representations},
  year		= {2018}
}

@Article{	  blau2019rethinking,
  title		= {Rethinking lossy compression: The
		  rate-distortion-perception tradeoff},
  author	= {Blau, Yochai and Michaeli, Tomer},
  journal	= {arXiv preprint arXiv:1901.07821},
  year		= {2019}
}

@Misc{		  bpg,
  author	= {Fabrice Bellard},
  howpublished	= {\url{https://bellard.org/bpg/}},
  title		= {{BPG Image format}}
}

@InProceedings{	  brock2018large,
  title		= {Large scale GAN training for high fidelity natural image
		  synthesis},
  author	= {Brock, Andrew and Donahue, Jeff and Simonyan, Karen},
  booktitle	= {International Conference on Learning Representations},
  year		= {2019}
}

@InProceedings{	  cavigelli2017cas,
  title		= {CAS-CNN: A deep convolutional neural network for image
		  compression artifact suppression},
  author	= {Cavigelli, Lukas and Hager, Pascal and Benini, Luca},
  booktitle	= {IJCNN},
  year		= {2017}
}

@InProceedings{	  chen2017pixelsnail,
  title		= {{PixelSNAIL: An Improved Autoregressive Generative
		  Model}},
  author	= {Chen, Xi and Mishra, Nikhil and Rohaninejad, Mostafa and
		  Abbeel, Pieter},
  booktitle	= {ICML},
  year		= {2018}
}

@Article{	  chen2017rethinking,
  title		= {{Rethinking Atrous Convolution for Semantic Image
		  Segmentation}},
  author	= {Chen, Liang-Chieh and Papandreou, George and Schroff,
		  Florian and Adam, Hartwig},
  journal	= {arXiv preprint arXiv:1706.05587},
  year		= {2017}
}

@InProceedings{	  chen2018image,
  author	= {Chen, Jingwen and Chen, Jiawei and Chao, Hongyang and
		  Yang, Ming},
  title		= {Image Blind Denoising With Generative Adversarial Network
		  Based Noise Modeling},
  booktitle	= {Proceedings of the IEEE/CVF Conference on Computer Vision and Pattern Recognition (CVPR)},
  year		= {2018}
}

@Article{	  choi2016towards,
  author	= {Choi, Yoojin and El-Khamy, Mostafa and Lee, Jungwon},
  journal	= {arXiv preprint arXiv:1612.01543},
  title		= {Towards the Limit of Network Quantization},
  year		= {2016}
}

@Article{	  chrabaszcz2017downsampled,
  title		= {A downsampled variant of {ImageNet} as an alternative to
		  the {CIFAR} datasets},
  author	= {Chrabaszcz, Patryk and Loshchilov, Ilya and Hutter,
		  Frank},
  journal	= {arXiv preprint arXiv:1707.08819},
  year		= {2017}
}

@TECHREPORT{krizhevsky09learningmultiple,
    author = {Alex Krizhevsky},
    title = {Learning multiple layers of features from tiny images},
    institution = {},
    year = {2009}
}

@Manual{	  clic2020,
  title		= {CLIC 2020: Challenge on Learned Image Compression},
  author	= {George Toderici and Lucas Theis and Nick Johnston and
		  Eirikur Agustsson and Fabian Mentzer and Johannes Ball{\'e}
		  and Wenzhe Shi and Radu Timofte},
  note		= "\url{http://compression.cc}",
  year		= {2020}
}

@Article{	  context1,
  title		= {{Applications of Universal Context Modeling to Lossless
		  Compression of Gray-Scale images}},
  author	= {Weinberger, Marcelo J and Rissanen, Jorma J and Arps,
		  Ronald B},
  journal	= {IEEE Transactions on Image Processing},
  volume	= {5},
  number	= {4},
  year		= {1996},
  publisher	= {IEEE}
}

@InProceedings{	  context2,
  author	= {Bernd Meyer and Peter Tischer},
  title		= {{TMW} - a new method for lossless image compression},
  booktitle	= {PCS},
  year		= {1997}
}

@InProceedings{	  context3,
  title		= {Piecewise {2D} autoregression for predictive image
		  coding},
  author	= {Wu, Xiaolin and Barthel, EU and Zhang, Wenhan},
  booktitle	= {ICIP},
  year		= {1998}
}

@InProceedings{	  context4,
  title		= {{Glicbawls - Grey Level Image Compression by Adaptive
		  Weighted Least Squares}},
  author	= {Meyer, Bernd and Tischer, Peter E},
  booktitle	= {Data Compression Conference},
  year		= {2001}
}

@InProceedings{	  coulom2008whole,
  title		= {Whole-history rating: A Bayesian rating system for players
		  of time-varying strength},
  author	= {Coulom, R{\'e}mi},
  booktitle	= {International Conference on Computers and Games},
  year		= {2008},
  organization	= {Springer}
}

@Article{	  coulombe2009low,
  title		= {Low-complexity transcoding of JPEG images with
		  near-optimal quality using a predictive quality factor and
		  scaling parameters},
  author	= {Coulombe, St{\'e}phane and Pigeon, Steven},
  journal	= {IEEE Transactions on Image Processing},
  volume	= {19},
  number	= {3},
  year		= {2009},
  publisher	= {IEEE}
}

@InProceedings{	  courbariaux2015binaryconnect,
  author	= {Courbariaux, Matthieu and Bengio, Yoshua and David,
		  Jean-Pierre},
  booktitle	= {Advances in Neural Information Processing Systems},
  title		= {Binaryconnect: Training deep neural networks with binary
		  weights during propagations},
  year		= {2015}
}

@Book{cover2012elements,
  title		= {{Elements of Information Theory}},
  author	= {Cover, Thomas M and Thomas, Joy A},
  publisher	= {John Wiley \& Sons},
  year		= {2012}
}

@article{lecun2010mnist,
  title={{MNIST} handwritten digit database},
  author={LeCun, Yann and Cortes, Corinna and Burges, CJ},
  journal={ATT Labs [Online]. Available: http://yann.lecun.com/exdb/mnist},
  volume={2},
  year={2010}
}

@InProceedings{	  dang2015raise,
  title		= {{RAISE: A Raw Images Dataset for Digital Image
		  Forensics}},
  author	= {Dang-Nguyen, Duc-Tien and Pasquini, Cecilia and Conotter,
		  Valentina and Boato, Giulia},
  booktitle	= {ACM MMSys},
  year		= {2015},
  organization	= {ACM}
}

@TechReport{	  deutsch1996deflate,
  title		= {{DEFLATE} compressed data format specification version
		  1.3},
  author	= {Deutsch, Peter},
  year		= {1996}
}

@Article{	  dinh2016density,
  title		= {Density estimation using {R}eal {NVP}},
  author	= {Dinh, Laurent and Sohl-Dickstein, Jascha and Bengio,
		  Samy},
  journal	= {International Conference on Learning Representations (ICLR)},
  year		= {2017}
}

@InProceedings{	  dong2015compression,
  title		= {Compression artifacts reduction by a deep convolutional
		  network},
  author	= {Dong, Chao and Deng, Yubin and Change Loy, Chen and Tang,
		  Xiaoou},
  booktitle	= {ICCV},
  year		= {2015}
}

@InProceedings{	  duda2015use,
  title		= {The use of asymmetric numeral systems as an accurate
		  replacement for Huffman coding},
  author	= {Duda, Jarek and Tahboub, Khalid and Gadgil, Neeraj J and
		  Delp, Edward J},
  booktitle	= {PCS},
  year		= {2015}
}

@Article{	  esteva2017dermatologist,
  author	= {Esteva, Andre and Kuprel, Brett and Novoa, Roberto A and
		  Ko, Justin and Swetter, Susan M and Blau, Helen M and
		  Thrun, Sebastian},
  journal	= {Nature},
  number	= {7639},
  publisher	= {Nature Research},
  title		= {Dermatologist-level classification of skin cancer with
		  deep neural networks},
  volume	= {542},
  year		= {2017}
}

@InProceedings{	  flif2016,
  author	= {J. Sneyers and P. Wuille},
  booktitle	= {ICIP},
  title		= {{FLIF: Free lossless image format based on MANIAC
		  compression}},
  year		= {2016},
}

@InProceedings{	  galteri2017deep,
  author	= {Galteri, Leonardo and Seidenari, Lorenzo and Bertini,
		  Marco and Del Bimbo, Alberto},
  booktitle	= {Proceedings of the IEEE Conference on Computer Vision and
		  Pattern Recognition},
  date-added	= {2018-03-11 09:55:30 +0000},
  date-modified	= {2018-03-11 09:55:30 +0000},
  title		= {Deep Generative Adversarial Compression Artifact Removal},
  year		= {2017}
}

@Article{	  giesen2014interleaved,
  title		= {Interleaved entropy coders},
  author	= {Giesen, Fabian},
  journal	= {arXiv preprint arXiv:1402.3392},
  year		= {2014}
}

@Article{	  glickman1995comprehensive,
  title		= {A comprehensive guide to chess ratings},
  author	= {Glickman, Mark E},
  journal	= {American Chess Journal},
  volume	= {3},
  number	= {1},
  year		= {1995}
}

@InProceedings{	  goodfellow2014generative,
  author	= {Goodfellow, Ian and Pouget-Abadie, Jean and Mirza, Mehdi
		  and Xu, Bing and Warde-Farley, David and Ozair, Sherjil and
		  Courville, Aaron and Bengio, Yoshua},
  booktitle	= {Advances in neural information processing systems},
  date-added	= {2018-03-11 10:27:18 +0000},
  date-modified	= {2018-03-11 10:27:18 +0000},
  title		= {Generative adversarial nets},
  year		= {2014}
}

While Google and Facebook gave me a comparable offer, Google was able to provide the opportunity of joining a team that works on what I did during my PhD.
Eiríkur Þór Ágústsson





@inproceedings{johnston2018improved,
  title={Improved lossy image compression with priming and spatially adaptive bit rates for recurrent networks},
  author={Johnston, Nick and Vincent, Damien and Minnen, David and Covell, Michele and Singh, Saurabh and Chinen, Troy and Jin Hwang, Sung and Shor, Joel and Toderici, George},
  booktitle={Proceedings of the IEEE Conference on Computer Vision and Pattern Recognition},
  pages={4385--4393},
  year={2018}
}

@Article{	  guo2010novel,
  author	= {Guo, Chenlei and Zhang, Liming},
  journal	= {IEEE transactions on image processing},
  number	= {1},
  publisher	= {IEEE},
  title		= {A novel multiresolution spatiotemporal saliency detection
		  model and its applications in image and video compression},
  volume	= {19},
  year		= {2010}
}

@InProceedings{	  guo2016dynamic,
  author	= {Guo, Yiwen and Yao, Anbang and Chen, Yurong},
  booktitle	= {Advances In Neural Information Processing Systems},
  title		= {Dynamic Network Surgery for Efficient DNNs},
  year		= {2016}
}

@Article{	  gupta2013visual,
  author	= {Gupta, Rupesh and Khanna, Meera Thapar and Chaudhury,
		  Santanu},
  date-added	= {2018-03-13 23:01:47 +0000},
  date-modified	= {2018-03-13 23:01:47 +0000},
  journal	= {Signal Processing: Image Communication},
  number	= {9},
  publisher	= {Elsevier},
  title		= {Visual saliency guided video compression algorithm},
  volume	= {28},
  year		= {2013}
}

@Article{	  han2015deep,
  author	= {Han, Song and Mao, Huizi and Dally, William J},
  journal	= {arXiv preprint arXiv:1510.00149},
  title		= {Deep compression: Compressing deep neural networks with
		  pruning, trained quantization and huffman coding},
  year		= {2015}
}

@InProceedings{	  han2015learning,
  author	= {Han, Song and Pool, Jeff and Tran, John and Dally,
		  William},
  booktitle	= {Advances in Neural Information Processing Systems},
  title		= {Learning both weights and connections for efficient neural
		  network},
  year		= {2015}
}

@InProceedings{	  he2016deep,
  title		= {Deep residual learning for image recognition},
  author	= {He, Kaiming and Zhang, Xiangyu and Ren, Shaoqing and Sun,
		  Jian},
  booktitle	= {Proceedings of the IEEE/CVF Conference on Computer Vision and Pattern Recognition (CVPR)},
  year		= {2016}
}

@InProceedings{	  he2017mask,
  title		= {Mask r-cnn},
  author	= {He, Kaiming and Gkioxari, Georgia and Doll{\'a}r, Piotr
		  and Girshick, Ross},
  booktitle	= {Computer Vision (ICCV), 2017 IEEE International Conference
		  on},
  year		= {2017},
  organization	= {IEEE}
}

@InProceedings{	  heusel2017gans,
  title		= {Gans trained by a two time-scale update rule converge to a
		  local nash equilibrium},
  author	= {Heusel, Martin and Ramsauer, Hubert and Unterthiner,
		  Thomas and Nessler, Bernhard and Hochreiter, Sepp},
  booktitle	= {Advances in Neural Information Processing Systems},
  year		= {2017}
}

@InProceedings{	  hinton1993keeping,
  title		= {Keeping neural networks simple by minimizing the
		  description length of the weights},
  author	= {Hinton, Geoffrey and Van Camp, Drew},
  booktitle	= {COLT},
  year		= {1993}
}

@Article{	  hinton2012neural,
  title		= {{Neural Networks for Machine Learning Lecture 6a Overview
		  of mini-‐batch gradient descent}},
  author	= {Hinton, Geoffrey and Srivastava, Nitish and Swersky,
		  Kevin}
}

@InProceedings{	  hoogeboom2019integer,
  title		= {Integer Discrete Flows and Lossless Compression},
  author	= {Hoogeboom, Emiel and Peters, Jorn WT and Berg, Rianne van
		  den and Welling, Max},
  booktitle	= {NIPS},
  year		= {2019}
}

@InProceedings{	  Huang-CVPR-2015,
  author	= {Huang, Jia-Bin and Singh, Abhishek and Ahuja, Narendra},
  booktitle	= {Proceedings of the IEEE Conference on Computer Vision and
		  Pattern Recognition},
  title		= {Single Image Super-Resolution From Transformed
		  Self-Exemplars},
  year		= {2015}
}

@Article{	  hubara2016quantized,
  author	= {Hubara, Itay and Courbariaux, Matthieu and Soudry, Daniel
		  and El-Yaniv, Ran and Bengio, Yoshua},
  journal	= {arXiv preprint arXiv:1609.07061},
  title		= {Quantized neural networks: Training neural networks with
		  low precision weights and activations},
  year		= {2016}
}

@Article{	  huffman1952method,
  title		= {A method for the construction of minimum-redundancy
		  codes},
  author	= {Huffman, David A},
  journal	= {Proc. IRE},
  volume	= {40},
  number	= {9},
  year		= {1952},
  publisher	= {IEEE}
}

@Article{	  ImageNet_ILSVRC15,
  author	= {Olga Russakovsky and Jia Deng and Hao Su and Jonathan
		  Krause and Sanjeev Satheesh and Sean Ma and Zhiheng Huang
		  and Andrej Karpathy and Aditya Khosla and Michael Bernstein
		  and Alexander C. Berg and Li Fei-Fei},
  doi		= {10.1007/s11263-015-0816-y},
  journal	= {International Journal of Computer Vision (IJCV)},
  number	= {3},
  title		= {{ImageNet Large Scale Visual Recognition Challenge}},
  volume	= {115},
  year		= {2015},
  bdsk-url-1	= {https://dx.doi.org/10.1007/s11263-015-0816-y}
}

@InProceedings{	  ioffe2015batch,
  title		= {{Batch Normalization: Accelerating Deep Network Training
		  by Reducing Internal Covariate Shift}},
  author	= {Ioffe, Sergey and Szegedy, Christian},
  booktitle	= {ICML},
  year		= {2015}
}

@InProceedings{	  isola2017image,
  author	= {Isola, Phillip and Zhu, Jun-Yan and Zhou, Tinghui and
		  Efros, Alexei A},
  booktitle	= {Proceedings of the IEEE Conference on Computer Vision and
		  Pattern Recognition},
  date-added	= {2018-03-11 10:24:17 +0000},
  date-modified	= {2018-03-11 10:24:17 +0000},
  title		= {Image-To-Image Translation With Conditional Adversarial
		  Networks},
  year		= {2017}
}

@InProceedings{	  Johnson2016Perceptual,
  title		= {Perceptual losses for real-time style transfer and
		  super-resolution},
  author	= {Johnson, Justin and Alahi, Alexandre and Fei-Fei, Li},
  booktitle	= {European Conference on Computer Vision},
  year		= {2016}
}

@Article{	  jpeg1992wallace,
  author	= {Wallace, Gregory K},
  journal	= {IEEE transactions on consumer electronics},
  number	= {1},
  publisher	= {IEEE},
  title		= {The {JPEG} still picture compression standard},
  volume	= {38},
  year		= {1992}
}

@Book{		  jpeg2000taubman,
  address	= {Norwell, MA, USA},
  author	= {Taubman, David S. and Marcellin, Michael W.},
  isbn		= {079237519X},
  publisher	= {Kluwer Academic Publishers},
  title		= {JPEG 2000: Image Compression Fundamentals, Standards and
		  Practice},
  year		= {2001}
}


@Misc{iphone12url,
    key={Iphone12wiki},
    howpublished={\url{https://en.wikipedia.org/wiki/IPhone_12}},
    year={2020},
    title={iPhone 12 Specs}
}

@Misc{statisticaurl,
    key     = {Photoboom},
    howpublished = {\url{https://www.statista.com/chart/10913/number-of-photos-taken-worldwide/}},
    year = {2017},
    title={Smartphones Cause Photography Boom},
    author={Richter, Felix}
}


@Misc{		  kakaduurl,
  key		= {Kakadu},
  howpublished	= {\url{http://kakadusoftware.com}},
  title		= {{Kakadu JPEG2000 implementation}}
}

@Misc{        libjpegurl,
    key={libjpg},
    howpublished={\url{http://libjpeg.sourceforge.net/}},
    title={{libjpeg}}
}


@InProceedings{	  karras2017progressive,
  author	= {Karras, Tero and Aila, Timo and Laine, Samuli and
		  Lehtinen, Jaakko},
  booktitle	= {International Conference on Learning Representations
		  (ICLR)},
  date-added	= {2018-03-11 10:22:37 +0000},
  date-modified	= {2018-03-11 10:22:57 +0000},
  title		= {Progressive growing of gans for improved quality,
		  stability, and variation},
  year		= {2017}
}

@InProceedings{	  karras2019style,
  title		= {A style-based generator architecture for generative
		  adversarial networks},
  author	= {Karras, Tero and Laine, Samuli and Aila, Timo},
  booktitle	= {Proceedings of the IEEE Conference on Computer Vision and
		  Pattern Recognition},
  year		= {2019}
}

@InProceedings{	  kingma2013auto,
  title		= {{Auto-Encoding Variational Bayes}},
  author	= {Kingma, Diederik P and Welling, Max},
  booktitle	= {International Conference on Learning Representations (ICLR)},
  year		= {2014}
}

@InProceedings{	  kingma2014adam,
  title		= {Adam: A method for stochastic optimization},
  author	= {Kingma, Diederik P and Ba, Jimmy},
  booktitle	= {International Conference on Learning Representations (ICLR)},
  year		= {2015}
}

@InProceedings{	  kingma2016improved,
  title		= {Improved variational inference with inverse autoregressive
		  flow},
  author	= {Kingma, Durk P and Salimans, Tim and Jozefowicz, Rafal and
		  Chen, Xi and Sutskever, Ilya and Welling, Max},
  booktitle	= {NIPS},
  year		= {2016}
}

@InProceedings{	  kingma2018glow,
  title		= {Glow: Generative flow with invertible 1x1 convolutions},
  author	= {Kingma, Durk P and Dhariwal, Prafulla},
  booktitle	= {NeurIPS},
  year		= {2018}
}

@InProceedings{	  kingma2019bit,
  title		= {Bit-Swap: Recursive Bits-Back Coding for Lossless
		  Compression with Hierarchical Latent Variables},
  author	= {Kingma, Friso H and Abbeel, Pieter and Ho, Jonathan},
  booktitle	= {ICML},
  year		= {2019}
}

@Misc{		  kodakurl,
  howpublished	= {\url{http://r0k.us/graphics/kodak/}},
  title		= {{Kodak PhotoCD dataset}}
}

@InProceedings{	  kolesnikov2017pixelcnn,
  title		= {{PixelCNN Models with Auxiliary Variables for Natural
		  Image Modeling}},
  author	= {Kolesnikov, Alexander and Lampert, Christoph H},
  booktitle	= {ICML},
  year		= {2017}
}

@Article{	  krizhevsky2009learning,
  author	= {Krizhevsky, Alex and Hinton, Geoffrey},
  publisher	= {Citeseer},
  title		= {Learning multiple layers of features from tiny images},
  year		= {2009}
}

@InProceedings{	  krizhevsky2011using,
  author	= {Krizhevsky, Alex and Hinton, Geoffrey E},
  booktitle	= {ESANN},
  title		= {Using very deep autoencoders for content-based image
		  retrieval.},
  year		= {2011}
}

@InProceedings{	  krizhevsky2012imagenet,
  author	= {Krizhevsky, Alex and Sutskever, Ilya and Hinton, Geoffrey
		  E},
  booktitle	= {Advances in neural information processing systems},
  title		= {Imagenet classification with deep convolutional neural
		  networks},
  year		= {2012}
}

@InProceedings{	  kurach2019large,
  title		= {A Large-Scale Study on Regularization and Normalization in
		  GANs},
  author	= {Kurach, Karol and Lu{\v{c}}i{\'c}, Mario and Zhai, Xiaohua
		  and Michalski, Marcin and Gelly, Sylvain},
  booktitle	= {International Conference on Machine Learning},
  year		= {2019}
}

@InProceedings{	  l3c,
  author	= {Mentzer, Fabian and Agustsson, Eirikur and Tschannen,
		  Michael and Timofte, Radu and Van Gool, Luc},
  booktitle	= {Proceedings of the IEEE/CVF Conference on Computer Vision and Pattern Recognition (CVPR)},
  title		= {Practical Full Resolution Learned Lossless Image
		  Compression},
  year		= {2019}
}

@InProceedings{	  ledig2017photo,
  author	= {Ledig, Christian and Theis, Lucas and Huszar, Ferenc and
		  Caballero, Jose and Cunningham, Andrew and Acosta,
		  Alejandro and Aitken, Andrew and Tejani, Alykhan and Totz,
		  Johannes and Wang, Zehan and others},
  booktitle	= {Proceedings of the IEEE Conference on Computer Vision and
		  Pattern Recognition},
  date-added	= {2018-03-11 09:56:58 +0000},
  date-modified	= {2018-03-11 09:56:58 +0000},
  title		= {Photo-Realistic Single Image Super-Resolution Using a
		  Generative Adversarial Network},
  year		= {2017}
}

@Article{	  lee2018context,
  title		= {Context-adaptive entropy model for end-to-end optimized
		  image compression},
  author	= {Lee, Jooyoung and Cho, Seunghyun and Beack, Seung-Kwon},
  journal	= {arXiv preprint arXiv:1809.10452},
  year		= {2018}
}

@InProceedings{	  li2017learning,
  author	= {Li, Mu and Zuo, Wangmeng and Gu, Shuhang and Zhao, Debin
		  and Zhang, David},
  booktitle	= {Proceedings of the IEEE/CVF Conference on Computer Vision and Pattern Recognition (CVPR)},
  title		= {{Learning Convolutional Networks for Content-weighted
		  Image Compression}},
  year		= {2018}
}

@InCollection{	  li2019positionalnorm,
  title		= {Positional Normalization},
  author	= {Li, Boyi and Wu, Felix and Weinberger, Kilian Q and
		  Belongie, Serge},
  booktitle	= {Advances in Neural Information Processing Systems 32},
  editor	= {H. Wallach and H. Larochelle and A. Beygelzimer and F.
		  d\textquotesingle Alch\'{e}-Buc and E. Fox and R. Garnett},
  year		= {2019},
  publisher	= {Curran Associates, Inc.},
  url		= {http://papers.nips.cc/paper/8440-positional-normalization.pdf}
}

@InProceedings{	  Lim_2017_CVPR_Workshops,
  title		= {{Enhanced Deep Residual Networks for Single Image
		  Super-Resolution}},
  author	= {Lim, Bee and Son, Sanghyun and Kim, Heewon and Nah,
		  Seungjun and Lee, Kyoung Mu},
  booktitle	= {CVPR Workshops},
  year		= {2017}
}

@InProceedings{	  liu2017unsupervised,
  title		= {Unsupervised image-to-image translation networks},
  author	= {Liu, Ming-Yu and Breuel, Thomas and Kautz, Jan},
  booktitle	= {Advances in Neural Information Processing Systems},
  year		= {2017}
}

@InProceedings{	  lucic2018gans,
  title		= {Are GANs created equal? A large-scale study},
  author	= {Lucic, Mario and Kurach, Karol and Michalski, Marcin and
		  Gelly, Sylvain and Bousquet, Olivier},
  booktitle	= {Advances in Neural Information Processing Systems},
  year		= {2018}
}

@InProceedings{	  magnussen1994continuation,
  author	= {Magnussen, Holger and Papoutsis, Georgios and Nossek,
		  Josef A},
  booktitle	= {Cellular Neural Networks and their Applications, 1994.
		  CNNA-94., Proceedings of the Third IEEE International
		  Workshop on},
  organization	= {IEEE},
  title		= {Conti nuation-based learning algorithm for discrete-time
		  cellular neural networks},
  year		= {1994}
}

@InProceedings{	  mao2017least,
  author	= {Mao, Xudong and Li, Qing and Xie, Haoran and Lau, Raymond
		  YK and Wang, Zhen and Smolley, Stephen Paul},
  booktitle	= {2017 IEEE International Conference on Computer Vision
		  (ICCV)},
  organization	= {IEEE},
  title		= {Least squares generative adversarial networks},
  year		= {2017}
}

@Article{	  marpe2003context,
  author	= {Marpe, Detlev and Schwarz, Heiko and Wiegand, Thomas},
  journal	= {IEEE Transactions on circuits and systems for video
		  technology},
  number	= {7},
  publisher	= {IEEE},
  title		= {Context-based adaptive binary arithmetic coding in the H.
		  264/AVC video compression standard},
  volume	= {13},
  year		= {2003}
}

@InProceedings{	  MartinFTM01,
  author	= {D. Martin and C. Fowlkes and D. Tal and J. Malik},
  booktitle	= {Proc. Int'l Conf. Computer Vision},
  title		= {A Database of Human Segmented Natural Images and its
		  Application to Evaluating Segmentation Algorithms and
		  Measuring Ecological Statistics},
  volume	= {2},
  year		= {2001}
}

@InProceedings{	  mentzer2018conditional,
  author	= {Mentzer, Fabian and Agustsson, Eirikur and Tschannen,
		  Michael and Timofte, Radu and Van Gool, Luc},
  booktitle	= {Proceedings of the IEEE/CVF Conference on Computer Vision and Pattern Recognition (CVPR)},
  date-added	= {2018-03-11 10:11:05 +0000},
  date-modified	= {2018-03-11 10:12:11 +0000},
  title		= {Conditional Probability Models for Deep Image
		  Compression},
  year		= {2018}
}

@InCollection{	  minnen2018joint,
  title		= {{Joint Autoregressive and Hierarchical Priors for Learned
		  Image Compression}},
  author	= {Minnen, David and Ball\'{e}, Johannes and Toderici, George
		  D},
  booktitle	= {NeurIPS},
  year		= {2018}
}

@inproceedings{minnen2020channel,
  title={Channel-wise autoregressive entropy models for learned image compression},
  author={Minnen, David and Singh, Saurabh},
  booktitle={2020 IEEE International Conference on Image Processing (ICIP)},
  pages={3339--3343},
  year={2020},
  organization={IEEE}
}

@Article{	  mirza2014conditional,
  author	= {Mirza, Mehdi and Osindero, Simon},
  journal	= {arXiv preprint arXiv:1411.1784},
  title		= {Conditional generative adversarial nets},
  year		= {2014}
}

@Article{	  mittal2012making,
  title		= {Making a “completely blind” image quality analyzer},
  author	= {Mittal, Anish and Soundararajan, Rajiv and Bovik, Alan C},
  journal	= {IEEE Signal Processing Letters},
  volume	= {20},
  number	= {3},
  year		= {2012}
}

@InProceedings{	  miyato2018spectral,
  title		= {Spectral normalization for generative adversarial
		  networks},
  author	= {Miyato, Takeru and Kataoka, Toshiki and Koyama, Masanori
		  and Yoshida, Yuichi},
  booktitle	= {International Conference on Learning Representations},
  year		= {2018}
}

@InProceedings{	  negahban2012iterative,
  title		= {Iterative ranking from pair-wise comparisons},
  author	= {Negahban, Sahand and Oh, Sewoong and Shah, Devavrat},
  booktitle	= {Advances in neural information processing systems},
  year		= {2012}
}

@InProceedings{	  nowozin2016f,
  author	= {Nowozin, Sebastian and Cseke, Botond and Tomioka, Ryota},
  booktitle	= {Advances in Neural Information Processing Systems},
  title		= {f-gan: Training generative neural samplers using
		  variational divergence minimization},
  year		= {2016}
}

@article{OpenImages,
  author = {Alina Kuznetsova and Hassan Rom and Neil Alldrin and Jasper Uijlings and Ivan Krasin and Jordi Pont-Tuset and Shahab Kamali and Stefan Popov and Matteo Malloci and Alexander Kolesnikov and Tom Duerig and Vittorio Ferrari},
  title = {The Open Images Dataset V4: Unified image classification, object detection, and visual relationship detection at scale},
  year = {2020},
  journal = {IJCV}
}

@InProceedings{	  park2019semantic,
  title		= {Semantic image synthesis with spatially-adaptive
		  normalization},
  author	= {Park, Taesung and Liu, Ming-Yu and Wang, Ting-Chun and
		  Zhu, Jun-Yan},
  booktitle	= {Proceedings of the IEEE Conference on Computer Vision and
		  Pattern Recognition},
  year		= {2019}
}

@Article{	  parmar2018image,
  title		= {{Image Transformer}},
  author	= {Parmar, Niki and Vaswani, Ashish and Uszkoreit, Jakob and
		  Kaiser, {\L}ukasz and Shazeer, Noam and Ku, Alexander},
  journal	= {ICML},
  year		= {2018}
}

@Article{	  patel2019deep,
  title		= {Deep Perceptual Compression},
  author	= {Patel, Yash and Appalaraju, Srikar and Manmatha, R},
  journal	= {arXiv preprint arXiv:1907.08310},
  year		= {2019}
}

@Article{	  patel2020hierarchical,
  title		= {Hierarchical Auto-Regressive Model for Image Compression
		  Incorporating Object Saliency and a Deep Perceptual Loss},
  author	= {Patel, Yash and Appalaraju, Srikar and Manmatha, R},
  journal	= {arXiv preprint arXiv:2002.04988},
  year		= {2020}
}

@Misc{		  pillowurl,
  key		= {Pillow},
  howpublished	= {\url{https://python-pillow.org}},
  title		= {{Pillow Library for Python}}
}

@Misc{		  pngurl,
  key		= {PNG},
  howpublished	= {\url{http://libpng.org/pub/png/libpng.html}},
  title		= {{Portable Network Graphics (PNG)}}
}

@Article{	  radford2015unsupervised,
  title		= {Unsupervised representation learning with deep
		  convolutional generative adversarial networks},
  author	= {Radford, Alec and Metz, Luke and Chintala, Soumith},
  journal	= {arXiv preprint arXiv:1511.06434},
  year		= {2015}
}

@InProceedings{	  rastegari2016xnor,
  author	= {Rastegari, Mohammad and Ordonez, Vicente and Redmon,
		  Joseph and Farhadi, Ali},
  booktitle	= {European Conference on Computer Vision},
  organization	= {Springer},
  title		= {Xnor-net: Imagenet classification using binary
		  convolutional neural networks},
  year		= {2016}
}

@InProceedings{	  reed2017parallel,
  title		= {{Parallel Multiscale Autoregressive Density Estimation}},
  author	= {Reed, Scott and Oord, A{\"a}ron and Kalchbrenner, Nal and
		  Colmenarejo, Sergio G{\'o}mez and Wang, Ziyu and Chen,
		  Yutian and Belov, Dan and Freitas, Nando},
  booktitle	= {ICML},
  year		= {2017}
}

@Article{	  rezende2015variational,
  title		= {Variational inference with normalizing flows},
  author	= {Rezende, Danilo Jimenez and Mohamed, Shakir},
  journal	= {arXiv preprint arXiv:1505.05770},
  year		= {2015}
}

@Book{		  richardson2004h,
  title		= {H. 264 and MPEG-4 video compression: video coding for
		  next-generation multimedia},
  author	= {Richardson, Iain E},
  year		= {2004},
  publisher	= {John Wiley \& Sons}
}

@InProceedings{	  rippel17a,
  author	= {Oren Rippel and Lubomir Bourdev},
  booktitle	= {ICML},
  title		= {{Real-Time Adaptive Image Compression}},
  year		= {2017}
}

@InProceedings{	  ronneberger2015u,
  title		= {U-net: Convolutional networks for biomedical image
		  segmentation},
  author	= {Ronneberger, Olaf and Fischer, Philipp and Brox, Thomas},
  booktitle	= {MICCAI},
  year		= {2015}
}

@Article{	  rose1992vector,
  author	= {Rose, Kenneth and Gurewitz, Eitan and Fox, Geoffrey C},
  journal	= {IEEE Transactions on Information theory},
  number	= {4},
  publisher	= {IEEE},
  title		= {Vector quantization by deterministic annealing},
  volume	= {38},
  year		= {1992}
}

@InProceedings{	  salimans2016improved,
  title		= {Improved techniques for training gans},
  author	= {Salimans, Tim and Goodfellow, Ian and Zaremba, Wojciech
		  and Cheung, Vicki and Radford, Alec and Chen, Xi},
  booktitle	= {Advances in Neural Information Processing Systems},
  year		= {2016}
}

@Article{	  Salimans2017pcnnpp,
  title		= {{PixelCNN++: A PixelCNN Implementation with Discretized
		  Logistic Mixture Likelihood and Other Modifications}},
  author	= {Tim Salimans and Andrej Karpathy and Xi Chen and Diederik
		  P. Kingma},
  journal	= {International Conference on Learning Representations (ICLR)},
  year		= {2017}
}

@InProceedings{	  santurkar2018generative,
  title		= {Generative compression},
  author	= {Santurkar, Shibani and Budden, David and Shavit, Nir},
  booktitle	= {Picture Coding Symposium},
  year		= {2018}
}

@Misc{		  shalizi06,
  author	= {Cosma Shalizi},
  howpublished	= {\url{http://www.stat.cmu.edu/~cshalizi/754/2006/notes/lecture-28.pdf}},
  note		= {[Online; accessed 15-Nov-2017]},
  title		= {{Lecture notes on stochastic processes}},
  year		= 2006
}

@Article{	  shannon1948it,
  author	= {Shannon, C. E.},
  title		= {{A Mathematical Theory of Communication}},
  journal	= {Bell System Technical Journal},
  volume	= {27},
  number	= {3},
  doi		= {10.1002/j.1538-7305.1948.tb01338.x},
  url		= {https://onlinelibrary.wiley.com/doi/abs/10.1002/j.1538-7305.1948.tb01338.x},
  eprint	= {https://onlinelibrary.wiley.com/doi/pdf/10.1002/j.1538-7305.1948.tb01338.x},
  year		= {1948}
}

@Article{	  shi2016deconvolution,
  author	= {Shi, Wenzhe and Caballero, Jose and Theis, Lucas and
		  Huszar, Ferenc and Aitken, Andrew and Ledig, Christian and
		  Wang, Zehan},
  journal	= {arXiv preprint arXiv:1609.07009},
  title		= {Is the deconvolution layer the same as a convolutional
		  layer?},
  year		= {2016}
}

@InProceedings{	  shi2016real,
  author	= {Shi, Wenzhe and Caballero, Jose and Husz{\'a}r, Ferenc and
		  Totz, Johannes and Aitken, Andrew P and Bishop, Rob and
		  Rueckert, Daniel and Wang, Zehan},
  booktitle	= {Proceedings of the IEEE Conference on Computer Vision and
		  Pattern Recognition},
  title		= {Real-time single image and video super-resolution using an
		  efficient sub-pixel convolutional neural network},
  year		= {2016}
}

@Article{	  silver2016mastering,
  author	= {Silver, David and Huang, Aja and Maddison, Chris J and
		  Guez, Arthur and Sifre, Laurent and Van Den Driessche,
		  George and Schrittwieser, Julian and Antonoglou, Ioannis
		  and Panneershelvam, Veda and Lanctot, Marc and others},
  journal	= {Nature},
  number	= {7587},
  publisher	= {Nature Publishing Group},
  title		= {Mastering the game of Go with deep neural networks and
		  tree search},
  volume	= {529},
  year		= {2016}
}

@Article{	  simonyan2014very,
  title		= {Very deep convolutional networks for large-scale image
		  recognition},
  author	= {Simonyan, Karen and Zisserman, Andrew},
  journal	= {arXiv preprint arXiv:1409.1556},
  year		= {2014}
}

@article{SSIM,
  title={Image quality assessment: from error visibility to structural similarity},
  author={Wang, Zhou and Bovik, Alan C and Sheikh, Hamid R and Simoncelli, Eero P},
  journal={IEEE transactions on image processing},
  volume={13},
  number={4},
  pages={600--612},
  year={2004},
  publisher={IEEE}
}

@inproceedings{SSIM-MS,
  title={Multiscale structural similarity for image quality assessment},
  author={Wang, Zhou and Simoncelli, Eero P and Bovik, Alan C},
  booktitle={The Thrity-Seventh Asilomar Conference on Signals, Systems \& Computers, 2003},
  volume={2},
  pages={1398--1402},
  year={2003},
  organization={Ieee}
}

@InProceedings{	  stella2009image,
  author	= {Stella, X Yu and Lisin, Dimitri A},
  booktitle	= {International Symposium on Visual Computing},
  date-added	= {2018-03-13 22:57:01 +0000},
  date-modified	= {2018-03-13 22:57:01 +0000},
  organization	= {Springer},
  title		= {Image compression based on visual saliency at individual
		  scales},
  year		= {2009}
}

@Article{	  sullivan2012overview,
  title		= {Overview of the high efficiency video coding (HEVC)
		  standard},
  author	= {Sullivan, Gary J and Ohm, Jens-Rainer and Han, Woo-Jin and
		  Wiegand, Thomas},
  journal	= {IEEE Transactions on circuits and systems for video
		  technology},
  volume	= {22},
  number	= {12},
  year		= {2012},
  publisher	= {IEEE}
}

@Article{	  svoboda2016compression,
  title		= {Compression artifacts removal using convolutional neural
		  networks},
  author	= {Svoboda, Pavel and Hradis, Michal and Barina, David and
		  Zemcik, Pavel},
  journal	= {arXiv preprint arXiv:1605.00366},
  year		= {2016}
}

@Article{	  theis2016note,
  title		= {A note on the evaluation of generative models},
  author	= {Theis, Lucas and Oord, A{\"a}ron van den and Bethge,
		  Matthias},
  journal	= {International Conference on Learning Representations (ICLR)},
  year		= {2016}
}

@Article{	  theis2017lossy,
  title		= {{Lossy Image Compression with Compressive Autoencoders}},
  author	= {Theis, Lucas and Shi,Wenzhe and Cunningham, Andrew and
		  Huszar, Ferenc},
  journal	= {International Conference on Learning Representations (ICLR)},
  year		= {2017}
}

@InBook{	  Timofte2014,
  address	= {Cham},
  author	= {Timofte, Radu and De Smet, Vincent and Van Gool, Luc},
  booktitle	= {Computer Vision -- ACCV 2014: 12th Asian Conference on
		  Computer Vision, Singapore, Singapore, November 1-5, 2014,
		  Revised Selected Papers, Part IV},
  editor	= {Cremers, Daniel and Reid, Ian and Saito, Hideo and Yang,
		  Ming-Hsuan},
  publisher	= {Springer International Publishing},
  title		= {A+: Adjusted Anchored Neighborhood Regression for Fast
		  Super-Resolution},
  year		= {2015}
}

@Article{	  toderici2015variable,
  author	= {Toderici, George and O'Malley, Sean M and Hwang, Sung Jin
		  and Vincent, Damien and Minnen, David and Baluja, Shumeet
		  and Covell, Michele and Sukthankar, Rahul},
  journal	= {arXiv preprint arXiv:1511.06085},
  title		= {Variable rate image compression with recurrent neural
		  networks},
  year		= {2015}
}

@InProceedings{	  toderici2016full,
  author	= {Toderici, George and Vincent, Damien and Johnston, Nick
		  and Hwang, Sung Jin and Minnen, David and Shor, Joel and
		  Covell, Michele},
  booktitle	= {Proceedings of the IEEE/CVF Conference on Computer Vision and Pattern Recognition (CVPR)},
  title		= {{Full Resolution Image Compression with Recurrent Neural
		  Networks}},
  year		= {2017}
}

@InProceedings{	  torfason2018towards,
  author	= {Robert Torfason and Fabian Mentzer and Eirikur
		  Agustsson and Michael Tschannen and Radu Timofte
		  and Luc Van Gool},
  booktitle	= {International Conference on Learning Representations
		  (ICLR)},
  date-added	= {2018-03-11 10:00:59 +0000},
  date-modified	= {2018-03-11 10:08:42 +0000},
  title		= {Towards Image Understanding from Deep Compression Without
		  Decoding},
  year		= {2018},
}

@InProceedings{	  townsend2019practical,
  title		= {Practical lossless compression with latent variables using
		  bits back coding},
  author	= {Townsend, James and Bird, Tom and Barber, David},
  booktitle	= {International Conference on Learning Representations (ICLR)},
  year		= {2019}
}

@InProceedings{	  tschannen2018deep,
  title		= {Deep generative models for distribution-preserving lossy
		  compression},
  author	= {Tschannen, Michael and Agustsson, Eirikur and Lucic,
		  Mario},
  booktitle	= {Advances in Neural Information Processing Systems},
  year		= {2018}
}

@InCollection{	  tschannen2018lossy,
  title		= {{Deep Generative Models for Distribution-Preserving Lossy
		  Compression}},
  author	= {Tschannen, Michael and Agustsson, Eirikur and Lucic,
		  Mario},
  booktitle	= {NeurIPS},
  year		= {2018}
}

@Article{	  ullrich2017soft,
  author	= {Ullrich, Karen and Meeds, Edward and Welling, Max},
  journal	= {arXiv preprint arXiv:1702.04008},
  title		= {Soft Weight-Sharing for Neural Network Compression},
  year		= {2017}
}

@Article{	  ulyanov2016instance,
  title		= {Instance normalization: The missing ingredient for fast
		  stylization},
  author	= {Ulyanov, Dmitry and Vedaldi, Andrea and Lempitsky,
		  Victor},
  journal	= {arXiv preprint arXiv:1607.08022},
  year		= {2016}
}

@Article{	  van2014student,
  title		= {{The Student-t Mixture as a Natural Image Patch Prior with
		  Application to Image Compression}},
  author	= {van den Oord, A{\"a}ron and Schrauwen, Benjamin},
  journal	= {The Journal of Machine Learning Research},
  volume	= {15},
  number	= {1},
  year		= {2014},
  publisher	= {JMLR. org}
}

@InProceedings{	  van2016conditional,
  title		= {{Conditional Image Generation with PixelCNN Decoders}},
  author	= {van den Oord, A{\"a}ron and Kalchbrenner, Nal and
		  Espeholt, Lasse and kavukcuoglu, koray and Vinyals, Oriol
		  and Graves, Alex},
  booktitle	= {NIPS},
  year		= {2016}
}

@InProceedings{	  van2016pixel,
  title		= {{Pixel Recurrent Neural Networks}},
  author	= {van den Oord, A{\"a}ron and Kalchbrenner, Nal and Kavukcuoglu,
		  Koray},
  booktitle	= {ICML},
  year		= {2016}
}

@Article{	  van2016wavenet,
  title		= {{WaveNet: A Generative Model for Raw Audio}},
  author	= {van den Oord, A{\"a}ron and Dieleman, Sander and Zen, Heiga
		  and Simonyan, Karen and Vinyals, Oriol and Graves, Alex and
		  Kalchbrenner, Nal and Senior, Andrew and Kavukcuoglu,
		  Koray},
  journal	= {arXiv preprint arXiv:1609.03499},
  year		= {2016}
}

@InProceedings{	  van2017neural,
  title		= {{Neural Discrete Representation Learning}},
  author	= {van den Oord, A{\"a}ron and Vinyals, Oriol and others},
  booktitle	= {NIPS},
  year		= {2017}
}

@article{wang2018video,
  title={Video-to-video synthesis},
  author={Wang, Ting-Chun and Liu, Ming-Yu and Zhu, Jun-Yan and Liu, Guilin and Tao, Andrew and Kautz, Jan and Catanzaro, Bryan},
  journal={arXiv preprint arXiv:1808.06601},
  year={2018}
}

@InProceedings{	  wang2018highres,
  author	= {Ting-Chun Wang and Ming-Yu Liu and Jun-Yan Zhu and Andrew
		  Tao and Jan Kautz and Bryan Catanzaro},
  booktitle	= {IEEE Conference on Computer Vision and Pattern Recognition (CVPR)},
  date-added	= {2018-03-11 10:25:42 +0000},
  date-modified	= {2018-03-11 10:26:17 +0000},
  title		= {High-Resolution Image Synthesis and Semantic Manipulation
		  with Conditional GANs},
  year		= {2018}
}

@Misc{		  webpurl,
  key		= {WebP},
  howpublished	= {\url{https://developers.google.com/speed/webp/}},
  title		= {{WebP Image format}}
}

@InProceedings{	  wen2016learning,
  author	= {Wen, Wei and Wu, Chunpeng and Wang, Yandan and Chen, Yiran
		  and Li, Hai},
  booktitle	= {Advances in Neural Information Processing Systems},
  title		= {Learning structured sparsity in deep neural networks},
  year		= {2016}
}

@Article{	  wiegand2003overview,
  title		= {Overview of the H. 264/AVC video coding standard},
  author	= {Wiegand, Thomas and Sullivan, Gary J and Bjontegaard,
		  Gisle and Luthra, Ajay},
  journal	= {IEEE Transactions on Circuits and Systems for Video
		  Technology},
  volume	= {13},
  number	= {7},
  year		= {2003}
}

@Article{	  williams1992simple,
  author	= {Williams, Ronald J},
  journal	= {Machine learning},
  number	= {3-4},
  publisher	= {Springer},
  title		= {Simple statistical gradient-following algorithms for
		  connectionist reinforcement learning},
  volume	= {8},
  year		= {1992}
}

@Article{	  witten1987arithmetic,
  title		= {Arithmetic coding for data compression},
  author	= {Witten, Ian H and Neal, Radford M and Cleary, John G},
  journal	= {Communications of the ACM},
  volume	= {30},
  number	= {6},
  year		= {1987},
  publisher	= {ACM}
}

@InProceedings{	  Wohlhart_2013_CVPR,
  author	= {Wohlhart, Paul and Kostinger, Martin and Donoser, Michael
		  and Roth, Peter M. and Bischof, Horst},
  booktitle	= {IEEE Conf. on Computer Vision and Pattern Recognition (CVPR)},
  title		= {Optimizing 1-Nearest Prototype Classifiers},
  year		= {2013}
}

@InProceedings{	  wu2018group,
  title		= {Group normalization},
  author	= {Wu, Yuxin and He, Kaiming},
  booktitle	= {Proceedings of the European conference on computer vision
		  (ECCV)},
  year		= {2018}
}

@Article{	  xu2015empirical,
  title		= {Empirical evaluation of rectified activations in
		  convolutional network},
  author	= {Xu, Bing and Wang, Naiyan and Chen, Tianqi and Li, Mu},
  journal	= {arXiv preprint arXiv:1505.00853},
  year		= {2015}
}

@Article{	  yair1992competitive,
  author	= {Yair, Eyal and Zeger, Kenneth and Gersho, Allen},
  journal	= {IEEE transactions on Signal Processing},
  number	= {2},
  publisher	= {IEEE},
  title		= {Competitive learning and soft competition for vector
		  quantizer design},
  volume	= {40},
  year		= {1992}
}

@InProceedings{	  zhang2017stackgan,
  title		= {Stackgan: Text to photo-realistic image synthesis with
		  stacked generative adversarial networks},
  author	= {Zhang, Han and Xu, Tao and Li, Hongsheng and Zhang,
		  Shaoting and Huang, Xiaolei and Wang, Xiaogang and Metaxas,
		  Dimitris},
  booktitle	= {IEEE Int. Conf. Comput. Vision (ICCV)},
  year		= {2017}
}

@InProceedings{	  zhang2018unreasonable,
  title		= {The unreasonable effectiveness of deep features as a
		  perceptual metric},
  author	= {Zhang, Richard and Isola, Phillip and Efros, Alexei A and
		  Shechtman, Eli and Wang, Oliver},
  booktitle	= {Proceedings of the IEEE Conference on Computer Vision and
		  Pattern Recognition},
  year		= {2018}
}

@InProceedings{	  zhao2017pspnet,
  author	= {Hengshuang Zhao and Jianping Shi and Xiaojuan Qi and
		  Xiaogang Wang and Jiaya Jia},
  booktitle	= {Proceedings of IEEE Conference on Computer Vision and
		  Pattern Recognition (CVPR)},
  date-added	= {2018-03-11 11:36:58 +0000},
  date-modified	= {2018-03-11 11:36:58 +0000},
  title		= {Pyramid Scene Parsing Network},
  year		= {2017}
}

@Article{	  zhou2017incremental,
  author	= {Zhou, Aojun and Yao, Anbang and Guo, Yiwen and Xu, Lin and
		  Chen, Yurong},
  journal	= {arXiv preprint arXiv:1702.03044},
  title		= {Incremental Network Quantization: Towards Lossless CNNs
		  with Low-Precision Weights},
  year		= {2017}
}

@InProceedings{	  zhou2017scene,
  author	= {Zhou, Bolei and Zhao, Hang and Puig, Xavier and Fidler,
		  Sanja and Barriuso, Adela and Torralba, Antonio},
  booktitle	= {Proceedings of the IEEE Conference on Computer Vision and
		  Pattern Recognition},
  title		= {Scene Parsing through ADE20K Dataset},
  year		= {2017}
}

@InProceedings{	  zhu2017unpaired,
  author	= {Zhu, Jun-Yan and Park, Taesung and Isola, Phillip and
		  Efros, Alexei A},
  booktitle	= {Proceedings of the IEEE Conference on Computer Vision and
		  Pattern Recognition},
  date-added	= {2018-03-14 11:20:20 +0000},
  date-modified	= {2018-03-14 11:20:20 +0000},
  title		= {Unpaired Image-To-Image Translation Using Cycle-Consistent
		  Adversarial Networks},
  year		= {2017}
}
